

@Manual{citeR,
    title = {R: A Language and Environment for Statistical Computing},
    author = {{R Core Team}},
    organization = {R Foundation for Statistical Computing},
    address = {Vienna, Austria},
    year = {2023},
    url = {https://www.R-project.org/},
  }
  
@Article{citeTidyverse,
    title = {Welcome to the {tidyverse}},
    author = {Hadley Wickham and Mara Averick and Jennifer Bryan and Winston Chang and Lucy D'Agostino McGowan and Romain François and Garrett Grolemund and Alex Hayes and Lionel Henry and Jim Hester and Max Kuhn and Thomas Lin Pedersen and Evan Miller and Stephan Milton Bache and Kirill Müller and Jeroen Ooms and David Robinson and Dana Paige Seidel and Vitalie Spinu and Kohske Takahashi and Davis Vaughan and Claus Wilke and Kara Woo and Hiroaki Yutani},
    year = {2019},
    journal = {Journal of Open Source Software},
    volume = {4},
    number = {43},
    pages = {1686},
    doi = {10.21105/joss.01686},
  }
  
@Manual{citeDplyr,
    title = {dplyr: A Grammar of Data Manipulation},
    author = {Hadley Wickham and Romain François and Lionel Henry and Kirill Müller and Davis Vaughan},
    year = {2023},
    note = {R package version 1.1.4},
    url = {https://CRAN.R-project.org/package=dplyr},
  }
  
@Manual{citeTidyr,
    title = {tidyr: Tidy Messy Data},
    author = {Hadley Wickham and Davis Vaughan and Maximilian Girlich},
    year = {2023},
    note = {R package version 1.3.0},
    url = {https://CRAN.R-project.org/package=tidyr},
  }
  
@Manual{citeDataverse,
    title = {dataverse: R Client for Dataverse 4+ Repositories},
    author = {Shiro Kuriwaki and Will Beasley and Thomas J. Leeper},
    year = {2023},
    note = {R package version 0.3.13},
  }
  
@Misc{citeRstanarm,
    title = {rstanarm: {Bayesian} applied regression modeling via {Stan}.},
    author = {Ben Goodrich and Jonah Gabry and Imad Ali and Sam Brilleman},
    note = {R package version 2.32.1},
    year = {2024},
    url = {https://mc-stan.org/rstanarm/},
  }
  
@Book{citeGgplot2,
    author = {Hadley Wickham},
    title = {ggplot2: Elegant Graphics for Data Analysis},
    publisher = {Springer-Verlag New York},
    year = {2016},
    isbn = {978-3-319-24277-4},
    url = {https://ggplot2.tidyverse.org},
  }
  
  @Book{citeKnitr,
    title = {Dynamic Documents with {R} and knitr},
    author = {Yihui Xie},
    publisher = {Chapman and Hall/CRC},
    address = {Boca Raton, Florida},
    year = {2015},
    edition = {2nd},
    note = {ISBN 978-1498716963},
    url = {https://yihui.org/knitr/},
  }
  
    @Article{citeModelsummary,
    title = {{modelsummary}: Data and Model Summaries in {R}},
    author = {Vincent Arel-Bundock},
    journal = {Journal of Statistical Software},
    year = {2022},
    volume = {103},
    number = {1},
    pages = {1--23},
    doi = {10.18637/jss.v103.i01},
  }
  
@Manual{citeArrow,
    title = {arrow: Integration to 'Apache' 'Arrow'},
    author = {Neal Richardson and Ian Cook and Nic Crane and Dewey Dunnington and Romain François and Jonathan Keane and Dragoș Moldovan-Grünfeld and Jeroen Ooms and Jacob Wujciak-Jens and {Apache Arrow}},
    year = {2024},
    note = {R package version 14.0.2.1},
    url = {https://CRAN.R-project.org/package=arrow},
  }

  
@article{gebru2021datasheets,
  title={Datasheets for datasets},
  author={Gebru, Timnit and Morgenstern, Jamie and Vecchione, Briana and Vaughan, Jennifer Wortman and Wallach, Hanna and Iii, Hal Daum{\'e} and Crawford, Kate},
  journal={Communications of the ACM},
  volume={64},
  number={12},
  pages={86--92},
  year={2021},
  publisher={ACM New York, NY, USA}
}

@article{genzturnout,
  title={The 2020 election shows Gen Z’s voting power for years to come},
  author={Abigail Johnson Hess},
  year={2020},
  publisher={CNBC},
  url={https://www.cnbc.com/2020/11/18/the-2020-election-shows-gen-zs-voting-power-for-years-to-come.html}
}


@article{pewgenerations,
  title={Defining generations: Where Millennials end and Generation Z begins},
  author={Michael Dimock},
  year={2019},
  publisher={Pew Research Center},
  url={https://www.pewresearch.org/short-reads/2019/01/17/where-millennials-end-and-generation-z-begins/}
}

@article{pewvoterturnout,
  title={What the 2020 electorate looks like by party, race and ethnicity, age, education and religion},
  author={John Gramlich},
  year={2020},
  publisher={Pew Research Center},
  url={https://www.pewresearch.org/short-reads/2020/10/26/what-the-2020-electorate-looks-like-by-party-race-and-ethnicity-age-education-and-religion/}
}


@article{trumpdisapproval,
  title={Majority of Americans disapprove of Trump’s COVID-19 messaging, though large partisan gaps persist},
  author={Mark Jurkowitz},
  year={2020},
  publisher={Pew Research Center},
  url={https://www.pewresearch.org/short-reads/2020/09/15/majority-of-americans-disapprove-of-trumps-covid-19-messaging-though-large-partisan-gaps-persist/#:~:text=The%20survey%20also%20finds%20large,say%20it%20is%20completely%20wrong.}
}

@article{conversationwomen,
  title={Women used to be more likely to vote Conservative than men but that all changed in 2017 – we wanted to find out why},
  author={Rosie Campbell, Rosalind Shorrocks},
  year={2023},
  publisher={The Conversation},
  url={https://theconversation.com/women-used-to-be-more-likely-to-vote-conservative-than-men-but-that-all-changed-in-2017-we-wanted-to-find-out-why-214019}
}

@article{washingtonpost,
  title={The next generation of voters is more liberal, more inclusive and believes in government},
  author={Colby Itkowitz},
  year={2019},
  publisher={The Washington Post},
  url={https://www.washingtonpost.com/politics/2019/01/17/next-generation-voters-are-more-liberal-more-inclusive-believe-government/}
}


@article{gallupwomen,
  title={U.S. Women Have Become More Liberal; Men Mostly Stable},
  author={Lydia Saad},
  year={2024},
  publisher={Gallup},
  url={https://news.gallup.com/poll/609914/women-become-liberal-men-mostly-stable.aspx}
}

@article{statista,
  title={United States internet penetration 2000-2024},
  author={Ani Petrosyan},
  year={2024},
  publisher={Statista},
  url={https://www.statista.com/statistics/209117/us-internet-penetration/}
}

@book{2020voterturnout,
  title={2020 Presidential Election Voting and Registration Tables Now Available},
  year={2021},
  publisher={United States Census Bureau},
  url={https://www.census.gov/newsroom/press-releases/2021/2020-presidential-election-voting-and-registration-tables-now-available.html}
}

@Misc{rstanarm,
    title = {rstanarm: {Bayesian} applied regression modeling via {Stan}},
    author = {Ben Goodrich and Jonah Gabry and Imad Ali and Sam Brilleman},
    note = {R package version 2.21.3},
    year = {2022},
    url = {https://mc-stan.org/rstanarm/},
  }
  
@Misc{genderratio,
    title = {The Gender Ratio of United States of America (2020 - 2028, males per 100 females)},
    year = {2024},
    publisher={GlobalData},
    url = {https://www.globaldata.com/data-insights/macroeconomic/the-gender-ratio-of-united-states-of-america-325511/},
  }



@data{datasheet,
  author = {Schaffner, Brian and Ansolabehere, Stephen and Luks, Sam},
  publisher = {Harvard Dataverse},
  title = {{Cooperative Election Study Common Content, 2020}},
  year = {2021},
  version = {V4},
  doi = {10.7910/DVN/E9N6PH},
  url = {https://doi.org/10.7910/DVN/E9N6PH}
}

@data{dataset,
  author = {Schaffner, Brian and Ansolabehere, Stephen and Luks, Sam},
  publisher = {Harvard Dataverse},
  title = {{Cooperative Election Study Common Content, 2020}},
  UNF = {UNF:6:zWLoanzs2F3awt+875kWBg==},
  year = {2021},
  version = {V4},
  doi = {10.7910/DVN/E9N6PH},
  url = {https://doi.org/10.7910/DVN/E9N6PH}
}

 @Manual{dataverse,
    title = {dataverse: R Client for Dataverse 4+ Repositories},
    author = {Shiro Kuriwaki and Will Beasley and Thomas J. Leeper},
    year = {2023},
    note = {R package version 0.3.13},
  }  
  
@Article{tidyverse,
    title = {Welcome to the {tidyverse}},
    author = {Hadley Wickham and Mara Averick and Jennifer Bryan and Winston Chang and Lucy D'Agostino McGowan and Romain François and Garrett Grolemund and Alex Hayes and Lionel Henry and Jim Hester and Max Kuhn and Thomas Lin Pedersen and Evan Miller and Stephan Milton Bache and Kirill Müller and Jeroen Ooms and David Robinson and Dana Paige Seidel and Vitalie Spinu and Kohske Takahashi and Davis Vaughan and Claus Wilke and Kara Woo and Hiroaki Yutani},
    year = {2019},
    journal = {Journal of Open Source Software},
    volume = {4},
    number = {43},
    pages = {1686},
    doi = {10.21105/joss.01686},
  }  
  
  